@Article{onagri2017/2018,
  author       = {onagri},
  journal      = {Note-veille-Agrumes},
  title        = {Statisque des argumes},
  year         = {2017/2018},
  howpublished = {http://www.onagri.nat.tn/uploads/veille/Note-veille-Agrumes-f.pdf},
}

@Misc{Crochet,
  author       = {Antoine Crochet},
  howpublished = {https://www.journaldunet.fr/web-tech/guide-de-l-entreprise-digitale/1443834-scrum-guide-de-la-methode-agile-star/},
  title        = {Scrum},
  journal      = {journaldunet},
}

@Comment{jabref-meta: databaseType:bibtex;}
