@Misc{educalingo,
  author       = {educalingo},
  howpublished = {https://educalingo.com/fr/dic-en/fixed-wing-aircraft},
  title        = {Aile fixe},
}

@Misc{Wikipidea,
  author       = {Wikipidea},
  howpublished = {https://fr.wikipedia.org/wiki/Quadrirotor},
  title        = {Quadrirotor},
}

@Misc{Wikipideaa,
  author       = {Wikipidea},
  howpublished = {https://fr.wikipedia.org/wiki/Drone},
  title        = {Drone},
}

@Misc{WikiMemoires,
  author       = {WikiMemoires},
  howpublished = {https://wikimemoires.net/2021/02/domaines-application-mouvements-du-quadrotor/},
  title        = {Mouvements du quadrirotor},
}

@Misc{Wikipideab,
  author       = {Wikipidea},
  howpublished = {https://fr.wikipedia.org/wiki/R%C3%A9gulateur_PID},
  title        = {Régulateur PID},
}

@Misc{PowerPoint,
  author       = {Microsoft PowerPoint},
  howpublished = {https://www.iro.umontreal.ca/~aimeur/cours/ift6261/Ch1-Intro-IA-IFT6261-H-11.pdf?fbclid=IwAR1jaoio-g2tThSle6WeOmCFGSx3_eJr8vP5IBqcMZn-ZjM_xsvk7q86BBM},
  title        = {Intelligence artificielle},
}

@Misc{Lebigdata,
  author       = {Lebigdata},
  howpublished = {https://www.lebigdata.fr/reseau-de-neurones-artificiels-definition#Quels_sont_les_differents_types_de_reseaux_de_Neural_Networks},
  title        = {Réseau de neurones},
}

@Misc{towardsdatascience.,
  author       = {Towardsdatascience.},
  howpublished = {https://towardsdatascience.com/yolo-you-only-look-once-real-time-object-detection-explained-492dc9230006},
  title        = {Yolo},
}

@Misc{WikiMemoiresa,
  author       = {WikiMemoires},
  howpublished = {https://wikimemoires.net/2021/02/le-controleur-pid-du-quadrotor-et-controle-des-esc/},
  title        = {Equations PID},
}

@Comment{jabref-meta: databaseType:bibtex;}
