@inproceedings{SoftwareEngeneering3,
  author    = {Dines Bj{\o}rner},
  editor    = {Frantisek Plasil and
               Keith G. Jeffery},
  title     = {A Formal Software Engeneering Paradigm: From Domains via Requirements
               to Software - Formal Specification {\&} Design Calculi},
  booktitle = {{SOFSEM} '97: Theory and Practice of Informatics, 24th Seminar on
               Current Trends in Theory and Practice of Informatics, Milovy, Czech
               Republic, November 22-29, 1997, Proceedings},
  series    = {Lecture Notes in Computer Science},
  volume    = {1338},
  pages     = {219--248},
  publisher = {Springer},
  year      = {1997},
  url       = {https://doi.org/10.1007/3-540-63774-5\_108},
  doi       = {10.1007/3-540-63774-5\_108},
  timestamp = {Tue, 14 May 2019 10:00:44 +0200},
  biburl    = {https://dblp.org/rec/conf/sofsem/Bjorner97.bib},
  bibsource = {dblp computer science bibliography, https://dblp.org}
}

@book{SoftwareEngeneering2,
  author    = {Asuman S{\"{u}}nb{\"{u}}l},
  title     = {Architectural design of evolutionary software systems in continuous
               software engeneering},
  publisher = {Der Andere Verlag},
  year      = {2001},
  url       = {https://d-nb.info/962883832},
  isbn      = {978-3-935316-84-2},
  timestamp = {Sat, 17 Jul 2021 09:02:00 +0200},
  biburl    = {https://dblp.org/rec/books/daglib/0014210.bib},
  bibsource = {dblp computer science bibliography, https://dblp.org}
}

@proceedings{SoftwareEngeneering1,
  editor    = {Eric Knauss and
               Michael Goedicke},
  title     = {Requirements Engineering: Foundation for Software Quality - 25th International
               Working Conference, {REFSQ} 2019, Essen, Germany, March 18-21, 2019,
               Proceedings},
  series    = {Lecture Notes in Computer Science},
  volume    = {11412},
  publisher = {Springer},
  year      = {2019},
  url       = {https://doi.org/10.1007/978-3-030-15538-4},
  doi       = {10.1007/978-3-030-15538-4},
  isbn      = {978-3-030-15537-7},
  timestamp = {Tue, 14 May 2019 10:00:39 +0200},
  biburl    = {https://dblp.org/rec/conf/refsq/2019.bib},
  bibsource = {dblp computer science bibliography, https://dblp.org}
}

@Misc{educalingo,
  author       = {educalingo},
  howpublished = {https://educalingo.com/fr/dic-en/fixed-wing-aircraft},
  title        = {Aile fixe},
}

@Misc{Wikipidea,
  author       = {Wikipidea},
  howpublished = {https://fr.wikipedia.org/wiki/Quadrirotor},
  title        = {Quadrirotor},
}

@Misc{Wikipideaa,
  author       = {Wikipidea},
  howpublished = {https://fr.wikipedia.org/wiki/Drone},
  title        = {Drone},
}

@Misc{WikiMemoires,
  author       = {WikiMemoires},
  howpublished = {https://wikimemoires.net/2021/02/domaines-application-mouvements-du-quadrotor/},
  title        = {Mouvements du quadrirotor},
}

@Misc{Wikipideab,
  author       = {Wikipidea},
  howpublished = {https://fr.wikipedia.org/wiki/R%C3%A9gulateur\_PID},
  title        = {Régulateur PID},
}

@Misc{PowerPoint,
  author       = {Microsoft PowerPoint},
  howpublished = {https://www.iro.umontreal.ca/~aimeur/cours/ift6261/Ch1-Intro-IA-IFT6261-H-11.pdf?fbclid=IwAR1jaoio-g2tThSle6WeOmCFGSx3\_eJr8vP5IBqcMZn-ZjM\_xsvk7q86BBM},
  title        = {Intelligence artificielle},
}

@Misc{Lebigdata,
  author       = {Lebigdata},
  howpublished = {https://www.lebigdata.fr/reseau-de-neurones-artificiels-definition#Quels_sont_les_differents_types_de_reseaux_de_Neural_Networks},
  title        = {Réseau de neurones},
}

@Misc{towardsdatascience.,
  author       = {Towardsdatascience.},
  howpublished = {https://towardsdatascience.com/yolo-you-only-look-once-real-time-object-detection-explained-492dc9230006},
  title        = {Yolo},
}

@Misc{WikiMemoiresa,
  author       = {WikiMemoires},
  howpublished = {https://wikimemoires.net/2021/02/le-controleur-pid-du-quadrotor-et-controle-des-esc/},
  title        = {Equations PID},
}

@Comment{jabref-meta: databaseType:bibtex;}
